<collection xmlns="http://www.loc.gov/MARC21/slim">
   <record>
      <leader>03096pam a2200469 i 4500</leader>
      <controlfield tag="001">6759900</controlfield>
      <controlfield tag="003">OCoLC</controlfield>
      <controlfield tag="005">20141205111824.0</controlfield>
      <controlfield tag="008">140425t20152015nyua     b    001 0 eng  </controlfield>
      <datafield ind1=" " ind2=" " tag="010">
         <subfield code="a">  2014012407</subfield>
      </datafield>
      <datafield ind1=" " ind2=" " tag="020">
         <subfield code="a">9781138776906</subfield>
         <subfield code="q">hardback</subfield>
      </datafield>
      <datafield ind1=" " ind2=" " tag="020">
         <subfield code="a">1138776904</subfield>
         <subfield code="q">hardback</subfield>
      </datafield>
      <datafield ind1=" " ind2=" " tag="020">
         <subfield code="z">9781315772967</subfield>
         <subfield code="q">ebk</subfield>
      </datafield>
      <datafield ind1=" " ind2=" " tag="035">
         <subfield code="a">ocn898411596</subfield>
      </datafield>
      <datafield ind1=" " ind2=" " tag="040">
         <subfield code="a">DLC</subfield>
         <subfield code="b">eng</subfield>
         <subfield code="e">rda</subfield>
         <subfield code="c">DLC</subfield>
         <subfield code="d">BTCTA</subfield>
         <subfield code="d">YDXCP</subfield>
         <subfield code="d">OCLCO</subfield>
         <subfield code="d">BDX</subfield>
         <subfield code="d">OCLCF</subfield>
         <subfield code="d">OCLCO</subfield>
         <subfield code="d">CDX</subfield>
         <subfield code="d">OCLCQ</subfield>
         <subfield code="d">OCLCO</subfield>
         <subfield code="d">CHVBK</subfield>
         <subfield code="d">UAB</subfield>
      </datafield>
      <datafield ind1=" " ind2=" " tag="042">
         <subfield code="a">pcc</subfield>
      </datafield>
      <datafield ind1="0" ind2="0" tag="050">
         <subfield code="a">JZ1318</subfield>
         <subfield code="b">.F746 2015</subfield>
      </datafield>
      <datafield ind1="0" ind2="0" tag="082">
         <subfield code="a">303.48/2</subfield>
         <subfield code="2">23</subfield>
      </datafield>
      <datafield ind1=" " ind2=" " tag="084">
         <subfield code="a">SOC026000</subfield>
         <subfield code="a">SOC024000</subfield>
         <subfield code="a">POL033000</subfield>
         <subfield code="2">bisacsh</subfield>
      </datafield>
      <datafield ind1=" " ind2=" " tag="090">
         <subfield code="a">JZ 1318 F746 2015</subfield>
         <subfield code="b">AEU</subfield>
      </datafield>
      <datafield ind1="0" ind2="0" tag="245">
         <subfield code="a">From globalization to world society :</subfield>
         <subfield code="b">neo-institutional and systems-theoretical perspectives /</subfield>
         <subfield code="c">edited by Boris Holzer, Fatima Kastner and Tobias Werron.</subfield>
      </datafield>
      <datafield ind1="3" ind2=" " tag="246">
         <subfield code="a">From globalisation to world society</subfield>
      </datafield>
      <datafield ind1=" " ind2=" " tag="250">
         <subfield code="a">1st edition.</subfield>
      </datafield>
      <datafield ind1=" " ind2="1" tag="264">
         <subfield code="a">New York :</subfield>
         <subfield code="b">Routledge, Taylor &amp; Francis Group,</subfield>
         <subfield code="c">2015.</subfield>
      </datafield>
      <datafield ind1=" " ind2="4" tag="264">
         <subfield code="c">©2015</subfield>
      </datafield>
      <datafield ind1=" " ind2=" " tag="300">
         <subfield code="a">viii, 337 pages :</subfield>
         <subfield code="b">illustrations ;</subfield>
         <subfield code="c">24 cm.</subfield>
      </datafield>
      <datafield ind1=" " ind2=" " tag="336">
         <subfield code="a">text</subfield>
         <subfield code="b">txt</subfield>
         <subfield code="2">rdacontent</subfield>
         <subfield code="0">http://id.loc.gov/vocabulary/contentTypes/txt</subfield>
      </datafield>
      <datafield ind1=" " ind2=" " tag="337">
         <subfield code="a">unmediated</subfield>
         <subfield code="b">n</subfield>
         <subfield code="2">rdamedia</subfield>
         <subfield code="0">http://id.loc.gov/vocabulary/mediaTypes/n</subfield>
      </datafield>
      <datafield ind1=" " ind2=" " tag="338">
         <subfield code="a">volume</subfield>
         <subfield code="b">nc</subfield>
         <subfield code="2">rdacarrier</subfield>
         <subfield code="0">http://id.loc.gov/vocabulary/carriers/nc</subfield>
      </datafield>
      <datafield ind1="1" ind2=" " tag="490">
         <subfield code="a">Routledge advances in sociology ;</subfield>
         <subfield code="v">131</subfield>
      </datafield>
      <datafield ind1=" " ind2=" " tag="504">
         <subfield code="a">Includes bibliographical references and index.</subfield>
      </datafield>
      <datafield ind1=" " ind2=" " tag="520">
         <subfield code="a">"Since the 1970s, various sociological approaches have tried to understand and conceptualize "the global," yet few of them have systematically addressed the full spectrum of social relationships. Prominent exponents of the global approach - such as world systems analysis - instead have focused on particular domains such as politics or the economy. Under the label of "world society," however, some authors have suggested alternatives to the predominant equivocation of society and the nation-state. The contributions to this volume share that objective and take their point of departure from the two most ambitious projects of a theory of world society: world polity research and systems theory, mapping out the common ground and assessing their potential to inform empirical analyses of globalization"--</subfield>
         <subfield code="c">Provided by publisher.</subfield>
      </datafield>
      <datafield ind1=" " ind2=" " tag="596">
         <subfield code="a">16</subfield>
      </datafield>
      <datafield ind1=" " ind2="0" tag="650">
         <subfield code="a">Globalization</subfield>
         <subfield code="x">Social aspects.</subfield>
         <subfield code="0">http://id.loc.gov/authorities/subjects/sh2008115204</subfield>
      </datafield>
      <datafield ind1="1" ind2=" " tag="700">
         <subfield code="a">Holzer, Boris,</subfield>
         <subfield code="d">1970-</subfield>
         <subfield code="e">editor.</subfield>
         <subfield code="0">http://id.loc.gov/authorities/names/nr2005004864</subfield>
         <subfield code="0">http://viaf.org/viaf/78733294</subfield>
      </datafield>
      <datafield ind1="1" ind2=" " tag="700">
         <subfield code="a">Kastner, Fatima,</subfield>
         <subfield code="e">editor.</subfield>
         <subfield code="0">http://id.loc.gov/authorities/names/no2004045618</subfield>
         <subfield code="0">http://viaf.org/viaf/39085877</subfield>
      </datafield>
      <datafield ind1="1" ind2=" " tag="700">
         <subfield code="a">Werron, Tobias,</subfield>
         <subfield code="e">editor.</subfield>
         <subfield code="0">http://id.loc.gov/authorities/names/no2010080538</subfield>
         <subfield code="0">http://viaf.org/viaf/103834404</subfield>
      </datafield>
      <datafield ind1=" " ind2=" " tag="758">
         <subfield code="0">http://worldcat.org/entity/work/id/3135791031</subfield>
      </datafield>
      <datafield ind1="0" ind2=" " tag="787">
         <subfield code="n">OCLC Work Id</subfield>
         <subfield code="o">http://worldcat.org/entity/work/id/3135791031</subfield>
      </datafield>
      <datafield ind1=" " ind2="0" tag="830">
         <subfield code="a">Routledge advances in sociology ;</subfield>
         <subfield code="v">131.</subfield>
      </datafield>
      <datafield ind1=" " ind2=" " tag="949">
         <subfield code="a">JZ 1318 F746 2015</subfield>
         <subfield code="c">1</subfield>
         <subfield code="h">UAAU-B</subfield>
         <subfield code="i">0162035200946</subfield>
      </datafield>
      <datafield ind1=" " ind2=" " tag="926">
         <subfield code="a">JZ 1318 F746 2015</subfield>
         <subfield code="w">LC</subfield>
         <subfield code="c">1</subfield>
         <subfield code="i">0162035200946</subfield>
         <subfield code="d">6/4/2015</subfield>
         <subfield code="e">6/3/2015</subfield>
         <subfield code="l">ON_SHELF</subfield>
         <subfield code="m">UAAUG</subfield>
         <subfield code="n">4</subfield>
         <subfield code="p">$150.00</subfield>
         <subfield code="r">Y</subfield>
         <subfield code="s">Y</subfield>
         <subfield code="t">BOOK</subfield>
         <subfield code="u">12/18/2014</subfield>
      </datafield>
   </record>
</collection>
